<?xml version = "1.0" encoding = "UTF-8"?><record>
  <leader>01252ngm#a2200325#c#4500</leader>
  <controlfield tag="005">20210811151600.0</controlfield>
  <controlfield tag="007">vf#||||||</controlfield>
  <controlfield tag="008">981218|1992####it#|||############v|ita#c</controlfield>
  <controlfield tag="003">DE-605</controlfield>
  <controlfield tag="001">990023685600206441</controlfield>
  <datafield tag="028" ind1="5" ind2="2">
    <subfield code="a">Best.-Nr. VHS MVGEC 04078</subfield>
  </datafield>
  <datafield tag="035" ind1=" " ind2=" ">
    <subfield code="a">(DE-605)HT006266886</subfield>
  </datafield>
  <datafield tag="040" ind1=" " ind2=" ">
    <subfield code="c">DE-605</subfield>
    <subfield code="a">467</subfield>
    <subfield code="b">ger</subfield>
    <subfield code="d">467</subfield>
    <subfield code="e">rakwb</subfield>
    <subfield code="d">DE-605</subfield>
  </datafield>
  <datafield tag="041" ind1=" " ind2=" ">
    <subfield code="a">ita</subfield>
  </datafield>
  <datafield tag="044" ind1=" " ind2=" ">
    <subfield code="c">XA-IT</subfield>
  </datafield>
  <datafield tag="245" ind1="0" ind2="0">
    <subfield code="a">&lt;&lt;Il&gt;&gt; giardino dei Finzi-Contini</subfield>
    <subfield code="h">Bildtontr&#228;ger</subfield>
    <subfield code="c">Regia: Vittorio DeSica. Interpreti: Dominique Sanda ; Lino Capolicchio ; Fabio Testi ; Helmut Berger</subfield>
  </datafield>
  <datafield tag="246" ind1="1" ind2="0">
    <subfield code="a">Finzi Contini</subfield>
  </datafield>
  <datafield tag="264" ind1=" " ind2="1">
    <subfield code="a">Segrate (Milano)</subfield>
    <subfield code="b">Mondadori Video</subfield>
    <subfield code="c">1992</subfield>
  </datafield>
  <datafield tag="300" ind1=" " ind2=" ">
    <subfield code="a">1 Videokassette (VHS, 93 Min.) : farb.</subfield>
  </datafield>
  <datafield tag="490" ind1="0" ind2=" ">
    <subfield code="a">Il grande cinema</subfield>
  </datafield>
  <datafield tag="964" ind1="0" ind2="s">
    <subfield code="F">051</subfield>
    <subfield code="A">m|||||||</subfield>
  </datafield>
  <datafield tag="964" ind1="0" ind2="s">
    <subfield code="F">030</subfield>
    <subfield code="A">a|1uc||||||37</subfield>
  </datafield>
  <datafield tag="964" ind1="0" ind2="s">
    <subfield code="F">050</subfield>
    <subfield code="A">|||||ca|||||||</subfield>
  </datafield>
  <datafield tag="700" ind1="1" ind2=" ">
    <subfield code="a">De Sica, Vittorio</subfield>
    <subfield code="d">1901-1974</subfield>
    <subfield code="0">(DE-588)118677942</subfield>
    <subfield code="4">drt</subfield>
    <subfield code="0">(uri) https://portal.dnb.de/opac.htm?method=simpleSearch&amp;cqlMode=true&amp;query=idn=118677942</subfield>
    <subfield code="0">(uri) http://viaf.org/viaf/sourceID/DNB|118677942</subfield>
    <subfield code="B">GND-118677942</subfield>
  </datafield>
  <datafield tag="700" ind1="1" ind2=" ">
    <subfield code="a">Bassani, Giorgio</subfield>
    <subfield code="d">1916-2000</subfield>
    <subfield code="0">(DE-588)118657496</subfield>
    <subfield code="4">oth</subfield>
    <subfield code="0">(uri) https://portal.dnb.de/opac.htm?method=simpleSearch&amp;cqlMode=true&amp;query=idn=118657496</subfield>
    <subfield code="0">(uri) http://viaf.org/viaf/sourceID/DNB|118657496</subfield>
    <subfield code="B">GND-118657496</subfield>
  </datafield>
  <datafield tag="700" ind1="1" ind2=" ">
    <subfield code="a">Sanda, Dominique</subfield>
    <subfield code="d">1951-</subfield>
    <subfield code="0">(DE-588)143102893</subfield>
    <subfield code="4">act</subfield>
    <subfield code="0">(uri) https://portal.dnb.de/opac.htm?method=simpleSearch&amp;cqlMode=true&amp;query=idn=143102893</subfield>
    <subfield code="0">(uri) http://viaf.org/viaf/sourceID/DNB|143102893</subfield>
    <subfield code="B">GND-143102893</subfield>
  </datafield>
  <datafield tag="700" ind1="1" ind2=" ">
    <subfield code="a">Capolicchio, Lino</subfield>
    <subfield code="d">1943-</subfield>
    <subfield code="0">(DE-588)141618302</subfield>
    <subfield code="4">act</subfield>
    <subfield code="0">(uri) https://portal.dnb.de/opac.htm?method=simpleSearch&amp;cqlMode=true&amp;query=idn=141618302</subfield>
    <subfield code="0">(uri) http://viaf.org/viaf/sourceID/DNB|141618302</subfield>
    <subfield code="B">GND-141618302</subfield>
  </datafield>
  <datafield tag="700" ind1="1" ind2=" ">
    <subfield code="a">Testi, Fabio</subfield>
    <subfield code="d">1941-</subfield>
    <subfield code="0">(DE-588)141649429</subfield>
    <subfield code="4">act</subfield>
    <subfield code="0">(uri) https://portal.dnb.de/opac.htm?method=simpleSearch&amp;cqlMode=true&amp;query=idn=141649429</subfield>
    <subfield code="0">(uri) http://viaf.org/viaf/sourceID/DNB|141649429</subfield>
    <subfield code="B">GND-141649429</subfield>
  </datafield>
  <datafield tag="700" ind1="1" ind2=" ">
    <subfield code="a">Berger, Helmut</subfield>
    <subfield code="d">1944-</subfield>
    <subfield code="0">(DE-588)120454874</subfield>
    <subfield code="4">act</subfield>
    <subfield code="0">(uri) https://portal.dnb.de/opac.htm?method=simpleSearch&amp;cqlMode=true&amp;query=idn=120454874</subfield>
    <subfield code="0">(uri) http://viaf.org/viaf/sourceID/DNB|120454874</subfield>
    <subfield code="B">GND-120454874</subfield>
  </datafield>
  <datafield tag="772" ind1="0" ind2="8">
    <subfield code="i">Literar. Vorlage</subfield>
    <subfield code="t">Il giardino dei Finzi-Contini / Giorgio Bassani</subfield>
  </datafield>
  <datafield tag="500" ind1=" " ind2=" ">
    <subfield code="a">Produktionsjahr: 1970</subfield>
    <subfield code="9">F:517</subfield>
  </datafield>
  <datafield tag="MBD" ind1=" " ind2=" ">
    <subfield code="M">49HBZ_NETWORK</subfield>
    <subfield code="i">990023685600206441</subfield>
    <subfield code="n">HBZ Network</subfield>
  </datafield>
  <datafield tag="MNG" ind1=" " ind2=" ">
    <subfield code="c">System</subfield>
    <subfield code="f">HBZ</subfield>
    <subfield code="i">marc21</subfield>
    <subfield code="h">20210811151600.0</subfield>
    <subfield code="k">01</subfield>
    <subfield code="e">false</subfield>
    <subfield code="d">2021-08-11 16:03:19 Europe/Berlin</subfield>
    <subfield code="g">002368560-HBZ01</subfield>
    <subfield code="j">60</subfield>
    <subfield code="a">import</subfield>
    <subfield code="b">2021-04-05 08:13:35 Europe/Berlin</subfield>
  </datafield>
  <datafield tag="GSI" ind1="7" ind2=" ">
    <subfield code="a">141618302</subfield>
    <subfield code="0">http://d-nb.info/gnd/141618302</subfield>
    <subfield code="2">gnd</subfield>
    <subfield code="A">GND</subfield>
    <subfield code="B">GND-141618302</subfield>
    <subfield code="C">024</subfield>
  </datafield>
  <datafield tag="GPN" ind1="1" ind2=" ">
    <subfield code="a">Varaigne, Dominique</subfield>
    <subfield code="d">1951-</subfield>
    <subfield code="4">nafr</subfield>
    <subfield code="4">https://d-nb.info/standards/elementset/gnd#EarlierNameOfThePerson</subfield>
    <subfield code="w">r</subfield>
    <subfield code="i">Frueherer Name</subfield>
    <subfield code="e">Frueherer Name</subfield>
    <subfield code="A">GND</subfield>
    <subfield code="B">GND-143102893</subfield>
    <subfield code="C">400</subfield>
  </datafield>
  <datafield tag="GPN" ind1="1" ind2=" ">
    <subfield code="a">Varaigne, Dominique</subfield>
    <subfield code="d">1951-</subfield>
    <subfield code="4">nawi</subfield>
    <subfield code="4">https://d-nb.info/standards/elementset/gnd#realIdentity</subfield>
    <subfield code="w">r</subfield>
    <subfield code="i">Wirklicher Name</subfield>
    <subfield code="e">Wirklicher Name</subfield>
    <subfield code="A">GND</subfield>
    <subfield code="B">GND-143102893</subfield>
    <subfield code="C">400</subfield>
  </datafield>
  <datafield tag="GSI" ind1="7" ind2=" ">
    <subfield code="a">143102893</subfield>
    <subfield code="0">http://d-nb.info/gnd/143102893</subfield>
    <subfield code="2">gnd</subfield>
    <subfield code="A">GND</subfield>
    <subfield code="B">GND-143102893</subfield>
    <subfield code="C">024</subfield>
  </datafield>
  <datafield tag="GPN" ind1="1" ind2=" ">
    <subfield code="a">Marchi, Giacomo</subfield>
    <subfield code="d">1916-2000</subfield>
    <subfield code="4">pseu</subfield>
    <subfield code="4">http://d-nb.info/standards/elementset/gnd#pseudonym</subfield>
    <subfield code="w">r</subfield>
    <subfield code="i">Pseudonym</subfield>
    <subfield code="e">Pseudonym</subfield>
    <subfield code="A">GND</subfield>
    <subfield code="B">GND-118657496</subfield>
    <subfield code="C">400</subfield>
  </datafield>
  <datafield tag="GPN" ind1="1" ind2=" ">
    <subfield code="a">Basani, G&apos;org&apos;o</subfield>
    <subfield code="d">1916-2000</subfield>
    <subfield code="A">GND</subfield>
    <subfield code="B">GND-118657496</subfield>
    <subfield code="C">400</subfield>
  </datafield>
  <datafield tag="GSI" ind1="7" ind2=" ">
    <subfield code="a">http://d-nb.info/gnd/118657496</subfield>
    <subfield code="2">uri</subfield>
    <subfield code="A">GND</subfield>
    <subfield code="B">GND-118657496</subfield>
    <subfield code="C">024</subfield>
  </datafield>
  <datafield tag="GPN" ind1="1" ind2=" ">
    <subfield code="a">DeSica, Vittorio</subfield>
    <subfield code="d">1901-1974</subfield>
    <subfield code="9">v:RAK alt</subfield>
    <subfield code="A">GND</subfield>
    <subfield code="B">GND-118677942</subfield>
    <subfield code="C">400</subfield>
  </datafield>
  <datafield tag="GPN" ind1="1" ind2=" ">
    <subfield code="a">Sica, Vittorio &lt;&lt;de&gt;&gt;</subfield>
    <subfield code="d">1901-1974</subfield>
    <subfield code="A">GND</subfield>
    <subfield code="B">GND-118677942</subfield>
    <subfield code="C">400</subfield>
  </datafield>
  <datafield tag="GSI" ind1="7" ind2=" ">
    <subfield code="a">118677942</subfield>
    <subfield code="0">http://d-nb.info/gnd/118677942</subfield>
    <subfield code="2">gnd</subfield>
    <subfield code="A">GND</subfield>
    <subfield code="B">GND-118677942</subfield>
    <subfield code="C">024</subfield>
  </datafield>
  <datafield tag="GPN" ind1="1" ind2=" ">
    <subfield code="a">Steinberger, Helmut</subfield>
    <subfield code="d">1944-</subfield>
    <subfield code="4">nafr</subfield>
    <subfield code="4">http://d-nb.info/standards/elementset/gnd#EarlierNameOfThePerson</subfield>
    <subfield code="w">r</subfield>
    <subfield code="i">Frueherer Name</subfield>
    <subfield code="e">Frueherer Name</subfield>
    <subfield code="A">GND</subfield>
    <subfield code="B">GND-120454874</subfield>
    <subfield code="C">400</subfield>
  </datafield>
  <datafield tag="GPN" ind1="1" ind2=" ">
    <subfield code="a">Steinberger, Helmut</subfield>
    <subfield code="d">1944-</subfield>
    <subfield code="4">nawi</subfield>
    <subfield code="4">http://d-nb.info/standards/elementset/gnd#realIdentity</subfield>
    <subfield code="w">r</subfield>
    <subfield code="i">Wirklicher Name</subfield>
    <subfield code="e">Wirklicher Name</subfield>
    <subfield code="A">GND</subfield>
    <subfield code="B">GND-120454874</subfield>
    <subfield code="C">400</subfield>
  </datafield>
  <datafield tag="GSI" ind1="7" ind2=" ">
    <subfield code="a">http://d-nb.info/gnd/120454874</subfield>
    <subfield code="2">uri</subfield>
    <subfield code="A">GND</subfield>
    <subfield code="B">GND-120454874</subfield>
    <subfield code="C">024</subfield>
  </datafield>
  <datafield tag="GSI" ind1="7" ind2=" ">
    <subfield code="a">141649429</subfield>
    <subfield code="0">http://d-nb.info/gnd/141649429</subfield>
    <subfield code="2">gnd</subfield>
    <subfield code="A">GND</subfield>
    <subfield code="B">GND-141649429</subfield>
    <subfield code="C">024</subfield>
  </datafield>
</record>